<record><leader>00000cas a2200000 a 4500</leader><controlfield tag="001">9416712</controlfield><controlfield tag="008">830415d19421945azuwr ne      0   a0eng c</controlfield><datafield ind1=" " ind2=" " tag="010"><subfield code="a">sn 83025349 </subfield></datafield><datafield ind1=" " ind2=" " tag="040"><subfield code="a">NPV</subfield><subfield code="b">eng</subfield><subfield code="c">NPV</subfield><subfield code="d">UNP</subfield><subfield code="d">CNK</subfield><subfield code="d">OCL</subfield><subfield code="d">OCLCQ</subfield><subfield code="d">DLC</subfield><subfield code="d">OCLCQ</subfield><subfield code="d">OCLCF</subfield><subfield code="d">OCLCO</subfield><subfield code="d">OCL</subfield><subfield code="d">OCLCQ</subfield><subfield code="d">OCL</subfield></datafield><datafield ind1="0" ind2=" " tag="041"><subfield code="a">eng</subfield><subfield code="a">jpn</subfield></datafield><datafield ind1=" " ind2=" " tag="042"><subfield code="a">pcc</subfield></datafield><datafield ind1=" " ind2=" " tag="043"><subfield code="a">n-us-az</subfield></datafield><datafield ind1=" " ind2=" " tag="045"><subfield code="a">x4x4</subfield></datafield><datafield ind1="0" ind2="0" tag="050"><subfield code="a">Newspaper</subfield></datafield><datafield ind1=" " ind2=" " tag="052"><subfield code="a">4333</subfield><subfield code="b">Y8</subfield></datafield><datafield ind1="0" ind2="0" tag="245"><subfield code="a">Poston Christian church.</subfield></datafield><datafield ind1="1" ind2="3" tag="246"><subfield code="a">Christian church of Poston</subfield></datafield><datafield ind1="3" ind2="0" tag="246"><subfield code="a">Christian church</subfield></datafield><datafield ind1=" " ind2=" " tag="260"><subfield code="a">Poston, Ariz. :</subfield><subfield code="b">First Christian Church of Poston</subfield></datafield><datafield ind1=" " ind2=" " tag="310"><subfield code="a">Weekly</subfield></datafield><datafield ind1=" " ind2=" " tag="336"><subfield code="a">text</subfield><subfield code="b">txt</subfield><subfield code="2">rdacontent</subfield></datafield><datafield ind1=" " ind2=" " tag="337"><subfield code="a">unmediated</subfield><subfield code="b">n</subfield><subfield code="2">rdamedia</subfield></datafield><datafield ind1="1" ind2=" " tag="362"><subfield code="a">Began in 1942; ceased in 1945?</subfield><subfield code="z">Cf. Asian American periodicals &amp; newspapers.</subfield></datafield><datafield ind1="0" ind2=" " tag="490"><subfield code="a">Japanese camp papers</subfield></datafield><datafield ind1=" " ind2=" " tag="521"><subfield code="a">"Japanese American." Cf. Asian American periodicals &amp; newspapers.</subfield></datafield><datafield ind1=" " ind2=" " tag="546"><subfield code="a">In English and Japanese.</subfield></datafield><datafield ind1=" " ind2=" " tag="588"><subfield code="a">Description based on: July 12, 1942.</subfield></datafield><datafield ind1=" " ind2="0" tag="650"><subfield code="a">Japanese Americans</subfield><subfield code="x">Evacuation and relocation, 1942-1945</subfield><subfield code="v">Newspapers.</subfield></datafield><datafield ind1="2" ind2="7" tag="611"><subfield code="a">Evacuation and relocation of Japanese Americans (United States : 1942-1945)</subfield><subfield code="2">fast</subfield><subfield code="0">(OCoLC)fst01801850</subfield></datafield><datafield ind1=" " ind2="7" tag="650"><subfield code="a">Japanese Americans.</subfield><subfield code="2">fast</subfield><subfield code="0">(OCoLC)fst00981441</subfield></datafield><datafield ind1=" " ind2="7" tag="648"><subfield code="a">1942-1945</subfield><subfield code="2">fast</subfield></datafield><datafield ind1=" " ind2="7" tag="655"><subfield code="a">Newspapers.</subfield><subfield code="2">fast</subfield><subfield code="0">(OCoLC)fst01423814</subfield></datafield><datafield ind1="2" ind2=" " tag="710"><subfield code="a">First Christian Church of Poston (Poston, Ariz.)</subfield></datafield><datafield ind1=" " ind2=" " tag="752"><subfield code="a">United States</subfield><subfield code="b">Arizona</subfield><subfield code="c">Yuma</subfield><subfield code="d">Poston.</subfield></datafield><datafield ind1="1" ind2=" " tag="029"><subfield code="a">AU@</subfield><subfield code="b">000025811881</subfield></datafield></record>